% @Book{oxfordai,
%     publisher = {Oxford University Press},
%     author = {{Oxford University Press}},
%     editor = {James Murray},
%     title = {{Oxford English Dictionary}},
%     year = {2018},
%     month = {12},
% }

@inproceedings{literature_review_1,
  title={A comprehensive investigation of BPMN models generation from textual requirementsâ€”techniques, tools and trends},
  author={Maqbool, Bilal and Azam, Farooque and Anwar, Muhammad Waseem and Butt, Wasi Haider and Zeb, Jahan and Zafar, Iqra and Nazir, Aiman Khan and Umair, Zuneera},
  booktitle={Information Science and Applications 2018: ICISA 2018},
  pages={543--557},
  year={2019},
  organization={Springer}
}

@inproceedings{literature_review_2,
  title={Natural language processing in business process identification and modeling: a systematic literature review},
  author={de Almeida Bordignon, Ana Cl{\'a}udia and Thom, Lucin{\'e}ia Heloisa and Silva, Thanner Soares and Dani, Vinicius Stein and Fantinato, Marcelo and Ferreira, Renato Cesar Borges},
  booktitle={Proceedings of the XIV Brazilian Symposium on Information Systems},
  pages={1--8},
  year={2018}
}

@inproceedings{literature_review_3,
  title={Auto-Generating Business Process Model From Heterogeneous Documents: A Comprehensive Literature Survey},
  author={Indahyanti, Uce and Djunaidy, Arif and Siahaan, Daniel},
  booktitle={2022 9th International Conference on Electrical Engineering, Computer Science and Informatics (EECSI)},
  pages={239--243},
  year={2022},
  organization={IEEE}
}

@article{literature_review_guidance,
  title={Procedures for performing systematic reviews},
  author={Kitchenham, Barbara},
  journal={Keele, UK, Keele University},
  volume={33},
  number={2004},
  pages={1--26},
  year={2004},
  publisher={Citeseer}
}

@inproceedings{main_1,
  title={Extracting business process models using natural language processing (NLP) techniques},
  author={Sintoris, Konstantinos and Vergidis, Kostas},
  booktitle={2017 IEEE 19th conference on business informatics (CBI)},
  volume={1},
  pages={135--139},
  year={2017},
  organization={IEEE}
}

